@manual{cam5,
    author={
        Richard B. Neale and Chih-Chieh Chen and Andrew Gettelman
        and Peter H. Lauritzen and Sungsu Park and David L. Williamson
        and Andrew J. Conley and Rolando Garcia and Doug Kinnison and
        Jean-Francois Lamarque and Dan Marsh and Mike Mills and
        Anne K. Smith and Simone Tilmes and Francis Vitt and Hugh Morrison
        and Philip Cameron-Smith and William D. Collins and Michael J. Iacono
        and Richard C. Easter and Steven J. Ghan and Xiaohong Liu
        and Philip J. Rasch and Mark A. Taylor
    },
    year={2010},
    title={{Description of the NCAR Community Atmosphere Model (CAM 5.0)}},
    type={{NCAR Technical Note}},
    number={{NCAR/TN-486+STR}},
}
@article{zhang1995,
    author = { G. J. Zhang and Norman A. McFarlane},
    title = {Sensitivity of climate simulations to the parameterization of cumulus convection in the {Canadian Climate Centre} general circulation model},
    journal = {Atmos. Ocean},
    volume = {33},
    number = {3},
    pages = {407-446},
    year  = {1995},
    publisher = {Taylor & Francis},
    doi = {10.1080/07055900.1995.9649539},
}
@article{zacharuk2018,
    author = {Zacharuk, Matthias and Dolaptchiev, Stamen I. and Achatz, Ulrich and Timofeyev, Ilya},
    title = {Stochastic subgrid-scale parametrization for one-dimensional shallow-water dynamics using stochastic mode reduction},
    journal = {Q. J. R. Meteorol. Soc.},
    volume = {144},
    number = {715},
    pages = {1975-1990},
    doi = {10.1002/qj.3396},
    year = {2018}
}
@unpublished{shamekh2022,
	doi = {10.1002/essoar.10512517.1},
    note = {Preprint},
	year = {2022},
	author = {Sara Shamekh and Kara D Lamb and Yu Huang and Pierre Gentine},
	title = {Implicit learning of convective organization explains precipitation stochasticity}
}
@article{wilks2005,
    author = {Wilks, Daniel S.},
    title = {Effects of stochastic parametrizations in the Lorenz '96 system},
    journal = {Q. J. R. Meteorol. Soc.},
    volume = {131},
    number = {606},
    pages = {389-407},
    doi = {10.1256/qj.04.03},
    year = {2005}
}
@inproceedings{lorenz1995,
    author = {E. N. Lorenz},
    title = {Predictability: a problem partly solved},
    year = {1995},
    eventtitle = {Seminar on Predictability, 4-8 September 1995},
    pages = {1-18},
    organization = {ECMWF},
}
@article {crommelin2008,
    author = {Daan Crommelin and Eric Vanden-Eijnden},
    title = {Subgrid-Scale Parameterization with Conditional Markov Chains},
    journal = {J. Atmos. Sci.},
    year = {2008},
    publisher = {American Meteorological Society},
    address = {Boston MA, USA},
    volume = {65},
    number = {8},
    doi = {10.1175/2008JAS2566.1},
    pages = {2661 - 2675},
}
