@book{chandrasekhar1961,
   author = {Chandrasekhar, S.},
   year = {1961},
   title = {Hydrodynamic and hydromagnetic stability},
   publisher = {Clarendon Press},
   address = {Oxford},
   ISBN = {9780486319209},
}
@article{ouertatani2008,
   author = {Ouertatani, Nasreddine and Ben Cheikh, Nader and Ben Beya, Brahim and Lili, Taieb},
   year = {2008},
   title = {Numerical simulation of two-dimensional {\rb{}} convection in an enclosure},
   journal = {C.R. Mec.},
   volume = {336},
   number = {5},
   DOI = {10.1016/j.crme.2008.02.004},
}
@article{stevens2010,
   author = {Stevens, Richard J. A. M. and Verzicco, Roberto and Lohse, Detlef},
   year = {2010},
   title = {Radial boundary layer structure and {Nusselt} number in {\rb{}} convection},
   journal = {J. Fluid Mech.},
   volume = {643},
   DOI = {10.1017/S0022112009992461},
}
@article{rayleigh1916,
   author = {{Lord Rayleigh}},
   year = {1916},
   title = {On convection currents in a horizontal layer of fluid, when the higher temperature is on the under side},
   journal = {Philos. Mag.},
   volume = {32},
   number = {192},
   DOI = {10.1080/14786441608635602},
}
@article{grotzbach1983,
   author = {Gr\"{o}tzbach, G\"{u}nther},
   year = {1983},
   title = {Spatial resolution requirements for direct numerical simulation of the {\rb{}} convection},
   journal = {J. Comput. Phys.},
   volume = {49},
   number = {2},
   DOI = {10.1016/0021-9991(83)90125-0},
}
@article{verzicco1999,
   author = {Verzicco, R. and Camussi, R.},
   year = {1999},
   title = {{Prandtl} number effects in convective turbulence},
   journal = {J. Fluid Mech.},
   volume = {383},
   DOI = {10.1017/S0022112098003619},
}
@article{chilla2012,
   author = {Chill\`{a}, F. and Schumacher, J.},
   year = {2012},
   title = {New perspectives in turbulent {\rb{}} convection},
   journal = {Eur. Phys. J. E},
   volume = {35},
   number = {7},
   DOI = {10.1140/epje/i2012-12058-1},
}
@article{scheel2013,
   author = {Scheel, Janet D. and Emran, Mohammad S. and Schumacher, J\"{o}rg},
   year = {2013},
   title = {Resolving the fine-scale structure in turbulent {\rb{}} convection},
   journal = {New J. Phys.},
   volume = {15},
   number = {11},
   DOI = {10.1088/1367-2630/15/11/113063},
}
@article{shishkina2010,
   author = {Shishkina, Olga and Stevens, Richard J. A. M. and Grossmann, Siegfried and Lohse, Detlef},
   year = {2010},
   title = {Boundary layer structure in turbulent thermal convection and its consequences for the required numerical resolution},
   journal = {New J. Phys.},
   volume = {12},
   number = {7},
   DOI = {10.1088/1367-2630/12/7/075022},
}
@article{le_quere1991,
   author = {Le Qu\'{e}r\'{e}, P.},
   year = {1991},
   title = {Accurate solutions to the square thermally driven cavity at high {Rayleigh} number},
   journal = {Comput. Fluids},
   volume = {20},
   number = {1},
   DOI = {10.1016/0045-7930(91)90025-D},
}
@article{kooij2018,
   author = {Kooij, Gijs L. and Botchev, Mikhail A. and Frederix, Edo M. A. and Geurts, Bernard J. and Horn, Susanne and Lohse, Detlef and van der Poel, Erwin P. and Shishkina, Olga and Stevens, Richard J. A. M. and Verzicco, Roberto},
   year = {2018},
   title = {Comparison of computational codes for direct numerical simulations of turbulent {\rb{}} convection},
   journal = {Comput. Fluids},
   volume = {166},
   DOI = {10.1016/j.compfluid.2018.01.010},
}
@incollection{christensen2022,
   author = {Christensen, Hannah and Zanna, Laure},
   title = {Parametrization in Weather and Climate Models},
   booktitle = {Oxford Research Encyclopedia of Climate Science},
   publisher = {Oxford University Press},
   DOI = {10.1093/acrefore/9780190228620.013.826},
   year = {2022},
}
@article{mcfarlane2011,
   author = {McFarlane, Norman},
   year = {2011},
   title = {Parameterizations: representing key processes in climate models without resolving them},
   journal = {WIREs Clim. Change},
   volume = {2},
   number = {4},
   DOI = {10.1002/wcc.122},
}
@article{rio2019,
   author = {Rio, Catherine and Del Genio, Anthony D. and Hourdin, Fr\'{e}d\'{e}ric},
   year = {2019},
   title = {Ongoing Breakthroughs in Convective Parameterization},
   journal = {Curr. Clim. Change Rep.},
   volume = {5},
   number = {2},
   DOI = {10.1007/s40641-019-00127-w},
}
@book{monin2007,
   author = {Monin, A. S. and Yaglom, A. M.},
   year = {2007},
   title = {Statistical fluid mechanics: mechanics of turbulence},
   publisher = {Dover Publications},
   address = {Mineola, New York},
   volume = {1},
   ISBN = {0-486-45883-0},
   editor = {Lumley, John L.},
}
@article{andrews2012,
   author = {Andrews, Timothy and Gregory, Jonathan M. and Webb, Mark J. and Taylor, Karl E.},
   year = {2012},
   title = {Forcing, feedbacks and climate sensitivity in {CMIP5} coupled atmosphere-ocean climate models},
   journal = {Geophys. Res. Lett.},
   volume = {39},
   number = {9},
   DOI = {10.1029/2012GL051607},
}
@article{manabe1965,
   author = {Manabe, Syukuro and Smagorinsky, Joseph and Strickler, Robert F},
   year = {1965},
   title = {Simulated climatology of a general circulation model with a hydrologic cycle},
   journal = {Mon. Weather Rev.},
   volume = {93},
   number = {12},
   DOI = {10.1175/1520-0493(1965)093<0769:SCOAGC>2.3.CO;2},
}
@article{donner2003,
   author = {Donner, Leo J. and Phillips, Vaughan T.},
   year = {2003},
   title = {Boundary layer control on convective available potential energy: Implications for cumulus parameterization},
   journal = {J. Geophys. Res.: Atmos.},
   volume = {108},
   number = {D22},
   DOI = {10.1029/2003JD003773},
}
@article{zhang2002,
   author = {Zhang, Guang J.},
   year = {2002},
   title = {Convective quasi-equilibrium in midlatitude continental environment and its effect on convective parameterization},
   journal = {J. Geophys. Res.: Atmos.},
   volume = {107},
   number = {D14},
   DOI = {10.1029/2001JD001005},
}
@article{palmer2019,
   author = {Palmer, T. N.},
   year = {2019},
   title = {Stochastic weather and climate models},
   journal = {Nat. Rev. Phys.},
   volume = {1},
   number = {7},
   DOI = {10.1038/s42254-019-0062-2},
}
@article{berner2017,
   author = {Berner, Judith and Achatz, Ulrich and Batt\'{e}, Lauriane and Bengtsson, Lisa and de la C\'{a}mara, Alvaro and Christensen, Hannah M. and Colangeli, Matteo and Coleman, Danielle R. B. and Crommelin, Daan and Dolaptchiev, Stamen I. and Franzke, Christian L. E. and Friederichs, Petra and Imkeller, Peter and J\"{a}rvinen, Heikki and Juricke, Stephan and Kitsios, Vassili and Lott, Fran\c{c}ois and Lucarini, Valerio and Mahajan, Salil and Palmer, Timothy N. and Penland, C\'{e}cile and Sakradzija, Mirjana and von Storch, Jin-Song and Weisheimer, Antje and Weniger, Michael and Williams, Paul D. and Yano, Jun-Ichi},
   year = {2017},
   title = {Stochastic Parameterization: Toward a New View of Weather and Climate Models},
   journal = {Bull. Am. Meteorol. Soc.},
   volume = {98},
   number = {3},
   DOI = {10.1175/BAMS-D-15-00268.1},
}
@article{franzke2015,
   author = {Franzke, Christian L. E. and O'Kane, Terence J. and Berner, Judith and Williams, Paul D. and Lucarini, Valerio},
   year = {2015},
   title = {Stochastic climate theory and modeling},
   journal = {WIREs Clim. Change},
   volume = {6},
   number = {1},
   DOI = {10.1002/wcc.318},
}
@article{stevens2013,
   author = {Stevens, Bjorn and Bony, Sandrine},
   year = {2013},
   title = {What Are Climate Models Missing?},
   journal = {Science},
   volume = {340},
   number = {6136},
   DOI = {doi:10.1126/science.1237554},
}
